<record><leader>00000cas a2200000 a 4500</leader><controlfield tag="001">19272635</controlfield><controlfield tag="008">890227d19891992kyuwr ne      0   a0eng d</controlfield><datafield ind1=" " ind2=" " tag="010"><subfield code="a">sn 89058387 </subfield></datafield><datafield ind1=" " ind2=" " tag="040"><subfield code="a">KNP</subfield><subfield code="b">eng</subfield><subfield code="c">KNP</subfield><subfield code="d">NSD</subfield><subfield code="d">KNP</subfield><subfield code="d">NSD</subfield><subfield code="d">KNP</subfield><subfield code="d">OCLCQ</subfield></datafield><datafield ind1=" " ind2=" " tag="012"><subfield code="j">0</subfield><subfield code="m">d</subfield></datafield><datafield ind1="1" ind2=" " tag="022"><subfield code="a">1056-7631</subfield><subfield code="l">1056-7631</subfield><subfield code="2">1</subfield></datafield><datafield ind1=" " ind2=" " tag="037"><subfield code="b">The East Kentucky Sun, POB 1314, Inez, Kentucky 41224</subfield></datafield><datafield ind1=" " ind2=" " tag="042"><subfield code="a">msc</subfield><subfield code="a">nsdp</subfield></datafield><datafield ind1=" " ind2="0" tag="222"><subfield code="a">East Kentucky sun</subfield></datafield><datafield ind1="0" ind2="0" tag="245"><subfield code="a">East Kentucky sun.</subfield></datafield><datafield ind1=" " ind2=" " tag="260"><subfield code="a">[Inez] Ky. :</subfield><subfield code="b">Mass Media,</subfield><subfield code="c">1989-1992.</subfield></datafield><datafield ind1=" " ind2=" " tag="300"><subfield code="a">v. :</subfield><subfield code="b">ill.</subfield></datafield><datafield ind1=" " ind2=" " tag="310"><subfield code="a">Weekly</subfield></datafield><datafield ind1="0" ind2=" " tag="362"><subfield code="a">Vol. 1, no. 1 (Jan. 18, 1989)-v. 3, no. 22 (June 17, 1992).</subfield></datafield><datafield ind1=" " ind2=" " tag="588"><subfield code="a">Latest issue consulted: Vol. 2, no. 49 (Wednesday, Dec. 5, 1990).</subfield></datafield><datafield ind1=" " ind2="4" tag="651"><subfield code="a">Inez (Ky.)</subfield><subfield code="v">Newspapers.</subfield></datafield><datafield ind1=" " ind2="4" tag="651"><subfield code="a">Martin County (Ky.)</subfield><subfield code="v">Newspapers.</subfield></datafield><datafield ind1=" " ind2=" " tag="752"><subfield code="a">United States</subfield><subfield code="b">Kentucky</subfield><subfield code="c">Martin</subfield><subfield code="d">Inez.</subfield></datafield><datafield ind1="0" ind2="0" tag="785"><subfield code="t">Martin County Sun</subfield><subfield code="x">1064-5888</subfield><subfield code="w">(DLC)sn 92003409</subfield><subfield code="w">(OCoLC)26341026</subfield></datafield><datafield ind1="1" ind2=" " tag="029"><subfield code="a">AU@</subfield><subfield code="b">000020541817</subfield></datafield></record>